@misc{lindauer2022smac3versatilebayesianoptimization,
      title={SMAC3: A Versatile Bayesian Optimization Package for Hyperparameter Optimization}, 
      author={Marius Lindauer and Katharina Eggensperger and Matthias Feurer and André Biedenkapp and Difan Deng and Carolin Benjamins and Tim Ruhopf and René Sass and Frank Hutter},
      year={2022},
      eprint={2109.09831},
      archivePrefix={arXiv},
      primaryClass={cs.LG},
      url={https://arxiv.org/abs/2109.09831}, 
}

@misc{hou2024largelanguagemodelssoftware,
      title={Large Language Models for Software Engineering: A Systematic Literature Review}, 
      author={Xinyi Hou and Yanjie Zhao and Yue Liu and Zhou Yang and Kailong Wang and Li Li and Xiapu Luo and David Lo and John Grundy and Haoyu Wang},
      year={2024},
      eprint={2308.10620},
      archivePrefix={arXiv},
      primaryClass={cs.SE},
      url={https://arxiv.org/abs/2308.10620}, 
}

@article{He_2021,
   title={AutoML: A survey of the state-of-the-art},
   volume={212},
   ISSN={0950-7051},
   url={http://dx.doi.org/10.1016/j.knosys.2020.106622},
   DOI={10.1016/j.knosys.2020.106622},
   journal={Knowledge-Based Systems},
   publisher={Elsevier BV},
   author={He, Xin and Zhao, Kaiyong and Chu, Xiaowen},
   year={2021},
   month=jan, pages={106622} }

@misc{guo2024largelanguagemodelbased,
      title={Large Language Model based Multi-Agents: A Survey of Progress and Challenges}, 
      author={Taicheng Guo and Xiuying Chen and Yaqi Wang and Ruidi Chang and Shichao Pei and Nitesh V. Chawla and Olaf Wiest and Xiangliang Zhang},
      year={2024},
      eprint={2402.01680},
      archivePrefix={arXiv},
      primaryClass={cs.CL},
      url={https://arxiv.org/abs/2402.01680}, 
}