@article{smac3,
  title={SMAC3: A Versatile Bayesian Optimization Package for Hyperparameter Optimization},
  author={Lindauer, Marius and Eggensperger, Katharina and Feurer, Matthias and Biedenkapp, André and Marben, Jakob and Müller, Carolin and Hutter, Frank},
  journal={Journal of Machine Learning Research},
  volume={23},
  number={54},
  pages={1--8},
  year={2022}
}

@article{llms_code,
  title={Large Language Models for Software Engineering: A Systematic Literature Review},
  author={Liu, Xinyi and Zhou, Michele and Wu, Fangwen and Wang, Yao and Liu, Shuai},
  journal={arXiv preprint arXiv:2308.10620},
  year={2023}
}

@article{automl_survey,
  title={AutoML: A Survey of the State-of-the-Art},
  author={He, Xin and Zhao, Kaiyong and Chu, Xiaowen},
  journal={Knowledge-Based Systems},
  volume={212},
  pages={106622},
  year={2021},
  publisher={Elsevier}
}

@inproceedings{configspace,
  title={ConfigSpace: Hierarchical hyperparameter optimization and tracking},
  author={Eggensperger, Katharina and Feurer, Matthias and Hutter, Frank and Bergstra, James and Snoek, Jasper and Hoos, Holger and Leyton-Brown, Kevin},
  booktitle={ICML AutoML Workshop},
  year={2019}
}

@article{multi_agent_ml,
  title={Multi-Agent Systems Meet Large Language Models: A Survey},
  author={Li, Zhiwei and Zhang, Rui and Kang, Yiding and Pan, Yifan and Liu, Yunfeng and others},
  journal={arXiv preprint arXiv:2402.11474},
  year={2024}
} 